@article{percUse,
    title={Perceived usefulness of online customer reviews: A Review Mining Approach Using Machine Learning & Exploratory Data Analysis}, 
    volume={150}, 
    DOI={10.1016/j.jbusres.2022.06.012}, 
    journal={Journal of Business Research}, 
    author={Guha Majumder, Madhumita and Dutta Gupta, Sangita and Paul, Justin},
    year={2022}, 
    month={Nov}, 
    pages={147–164}
}

@article{Hu_Gong_Guo_2010, 
    title={Mining product features from online reviews}, 
    DOI={10.1109/icebe.2010.51}, 
    journal={2010 IEEE 7th International Conference on E-Business Engineering}, 
    author={Hu, Weishu and Gong, Zhiguo and Guo, Jingzhi}, 
    year={2010}, 
    month={Nov}
} 

@article{Rajeev_Rekha_2015, 
    title={Recommending products to customers using opinion mining of online product reviews and features}, 
    DOI={10.1109/iccpct.2015.7159433}, 
    journal={2015 International Conference on Circuits, Power and Computing Technologies [ICCPCT-2015]}, 
    author={Rajeev, P Venkata and Rekha, V Smrithi}, 
    year={2015}, 
    month={Mar}
} 

@article{Wang_Li_Tian_Wang_Cheng_2018, 
    title={Extracting and summarizing affective features and responses from online product descriptions and reviews: A Kansei Text Mining Approach}, 
    volume={73}, DOI={10.1016/j.engappai.2018.05.005}, 
    journal={Engineering Applications of Artificial Intelligence}, 
    author={Wang, W.M. and Li, Z. and Tian, Z.G. and Wang, J.W. and Cheng, M.N.}, 
    year={2018},
    month={Aug}, 
    pages={149–162}
} 