@misc{utkdataset,
	title = {{UTKFace}},
	journal = {UTKFace},
	year = {2021},
	month = oct,
	note = {[Online; accessed 24. Nov. 2023]},
	url = {https://susanqq.github.io/UTKFace}
}

@inproceedings{fairface,
  title={FairFace: Face Attribute Dataset for Balanced Race, Gender, and Age for Bias Measurement and Mitigation},
  author={Karkkainen, Kimmo and Joo, Jungseock},
  booktitle={Proceedings of the IEEE/CVF Winter Conference on Applications of Computer Vision},
  year={2021},
  pages={1548-1558}
}

@article{percUse,
    title={Perceived usefulness of online customer reviews: A Review Mining Approach Using Machine Learning & Exploratory Data Analysis}, 
    volume={150}, 
    DOI={10.1016/j.jbusres.2022.06.012}, 
    journal={Journal of Business Research}, 
    author={Guha Majumder, Madhumita and Dutta Gupta, Sangita and Paul, Justin},
    year={2022}, 
    month={Nov}, 
    pages={147â€“164}
}